@article{Iwana_2021,
	doi = {10.1371/journal.pone.0254841},
	year = 2021,
	month = {jul},
	publisher = {Public Library of Science ({PLoS})},
	author = {Brian Kenji Iwana and Seiichi Uchida},
	title = {An empirical survey of data augmentation for time series classification with neural networks},
	journal = {{PLOS} {ONE}}
}

@misc{Del2020Time,
	note = {[Online; accessed 2022-12-22]},
	author = {Del Pra, Marco},
	year = {2020},
	month = {nov 2},
	title = {Time {Series} {Classification} with {Deep} {Learning}},
	howpublished = {https://towardsdatascience.com/time-series-classification-with-deep-learning-d238f0147d6f},
}